@book{eat,
   title =     {Elementary Applied Topology},
   author =    {Robert Ghrist},
   publisher = {CreateSpace Independent Publishing Platform},
   isbn =      {1502880857,9781502880857},
   year =      {2014},
   series =    {},
   edition =   {1},
   volume =    {}
}

@book{hat,
	added-at = {2011-11-11T03:25:59.000+0100},
	address = {Cambridge},
	author = {Hatcher, Allen},
	biburl = {https://www.bibsonomy.org/bibtex/2a001f8991d1935a94831c18d9e85756d/mwpb479},
	file = {:C\:\\Users\\mat\\Documents\\Pdfs\\AT.pdf:PDF},
	groups = {public},
	interhash = {bf666f5059c799f3b1a723fd79c616d6},
	intrahash = {a001f8991d1935a94831c18d9e85756d},
	isbn = {0-521-79160-X; 0-521-79540-0},
	keywords = {},
	mrclass = {55-01 (55-00)},
	mrnumber = {1867354 (2002k:55001)},
	mrreviewer = {Donald W. Kahn},
	publisher = {Cambridge University Press},
	timestamp = {2011-11-11T03:25:59.000+0100},
	title = {Algebraic topology},
	year = 2002
}